<?xml version="1.0" encoding="UTF-8"?><collection xmlns="http://www.loc.gov/MARC21/slim"><record><leader>00392nam--2200133-i-4500</leader><controlfield tag="001">000030359</controlfield><controlfield tag="002">20161230</controlfield><controlfield tag="005">20161230201038</controlfield><controlfield tag="008">060222s1000------------r-----000-0-eng-d</controlfield><datafield ind1=" " ind2=" " tag="080"><subfield code="a">621.3:621.313(085.8)</subfield></datafield><datafield ind1=" " ind2=" " tag="100"><subfield code="a">Manea, Florin, Preda, Marius Si Gavrila Horia</subfield></datafield><datafield ind1=" " ind2=" " tag="245"><subfield code="a">Electrotehnica si masini electrice</subfield></datafield><datafield ind1=" " ind2=" " tag="260"><subfield code="a">Bucuresti, Editura Didactica Si Pedagogica, 1976, 365p</subfield></datafield><datafield ind1=" " ind2=" " tag="852"><subfield code="a">43802</subfield></datafield></record></collection>